1241 1754
151 153 258 176 Question
269 154 282 171 7

151 208 250 227 Question:
261 209 280 223 In
288 208 359 224 AABC,
369 209 398 223 ZB
407 215 420 220 =
429 208 456 224 90°
466 209 499 223 and
508 209 540 223 BD
549 209 562 223 1
570 208 606 224 AC.
619 208 637 228 (i)
647 208 662 223 If
669 208 698 224 CD
708 215 721 220 =
732 209 750 224 10
759 214 785 223 cm
793 209 826 223 and
834 209 864 223 BD
873 215 887 220 =
896 209 905 223 8
914 214 944 227 cm;
954 208 988 223 find
996 208 1032 223 AD.
1042 208 1067 228 (ii)
1077 208 1091 223 If

150 234 178 250 AC
187 241 201 246 =
211 235 229 250 18
237 240 263 249 cm
271 235 303 249 and
311 234 341 249 AD
344 226 355 259 =
366 241 367 246 6
390 240 420 251 em;
429 234 462 249 find
471 235 504 249 BD.
515 234 545 254 (iii)
554 234 568 249 If
575 234 603 250 AC
613 241 626 246 =
635 235 644 250 9
652 240 678 249 cm
686 235 718 249 and
726 234 755 249 AB
764 241 777 246 =
787 235 795 249 7
804 240 834 250 cm;
843 234 876 249 find
884 234 919 249 AD.

151 273 236 288 Solution
244 273 310 288 Given:
319 274 367 292 Right
377 273 442 289 AABC
451 273 488 293 (ZB
496 280 510 285 =
518 273 553 293 90°)
563 274 602 288 with
610 274 679 288 altitude
688 274 720 288 BD
728 274 742 288 L
750 273 785 289 AC.

151 300 176 314 To
185 299 250 314 Prove:
259 300 300 314 Find
308 299 384 318 specified
392 302 463 318 segment
472 300 540 318 lengths.

480 377 494 392 A

503 566 514 577 vail

481 584 494 598 B
747 583 760 599 Cc

151 645 190 664 Step
199 646 212 660 1:
224 646 271 663 First,
279 645 355 660 establish
362 645 390 660 the
397 646 426 664 key
433 646 516 664 similarity
523 646 630 664 relationship:
642 645 708 660 AADB
716 652 730 657 ~
738 645 810 661 ABDC.
822 646 860 660 This
867 646 909 664 gives
917 646 944 660 the
951 646 1035 664 geometric
1043 651 1090 660 mean

398 681 400 683 .
461 666 493 681 AD
528 667 561 681 BD
638 677 644 687 >

224 681 297 695 theorem
305 680 329 695 for
337 681 364 695 the
373 681 446 695 altitude:
460 690 494 709 7
504 691 517 692 =
527 690 568 710 Gp.
577 686 594 695 or
603 681 636 695 BD*
653 691 666 692 =
675 680 706 695 AD
715 685 724 695 x
733 680 770 696 CD.

480 725 596 742 AC
609 715 622 753 _
631 725 661 740 AB
736 737 743 747 5

151 739 190 758 Step
198 740 212 754 2:
224 739 267 756 Also,
277 739 342 755 AABC
349 746 363 751 ~
371 739 443 756 AADB,
452 740 504 754 which
512 745 554 758 gives
564 749 597 768 5
606 750 619 751 =
629 749 669 768 55,
678 745 695 754 or
704 739 735 754 AB?
752 750 765 751 =
773 739 805 754 AD
814 744 823 754 x
832 739 867 755 AC.

151 786 190 805 Step
198 787 212 802 3:
224 787 269 801 Part
280 785 308 806 (i):
320 786 372 802 Given
380 786 409 802 CD
418 793 432 798 =
442 787 465 803 10,
474 787 503 801 BD
512 793 526 798 =
535 787 548 802 8.

151 827 190 846 Step
198 828 212 842 4:
225 828 256 843 Use
265 825 305 842 BD?
323 834 328 839 =
336 827 368 842 AD
376 832 386 842 x
395 827 427 843 CD
441 831 471 842 =>
485 825 502 842 8°
511 834 525 839 =
533 827 564 842 AD
573 832 583 842 x
593 828 615 843 10.
972 827 1090 847 (substitution)

151 875 190 894 Step
198 876 212 891 5:
224 876 265 891 64=
274 876 310 891 10x
319 875 351 890 AD
364 879 395 890 =
405 867 417 900 |
419 875 536 891 AD=64em
548 888 550 890 |.
1014 875 1090 895 (algebra)

151 922 190 941 Step
198 923 212 938 6:
224 923 269 937 Part
280 921 315 942 (ii):
327 922 378 938 Given
386 922 415 938 AC
424 929 438 934 =
448 923 471 941 18,
480 922 510 937 AD
519 929 532 934 =
541 923 555 938 6.

151 963 190 982 Step
198 964 212 979 7:
224 964 266 978 First
275 963 308 978 find
317 963 351 979 CD:
360 963 393 979 CD
401 970 414 975 =
422 963 452 979 AC
459 972 472 973 —
479 963 511 978 AD
519 970 532 975 =
541 964 595 979 18-6
603 970 616 975 =
626 964 643 978 12
652 969 682 978 cm.
898 963 976 983 (segment
984 964 1090 983 subtraction)

151 1005 190 1024 Step
198 1006 212 1021 8:
225 1006 256 1021 Use
265 1002 305 1020 BD?
315 1012 328 1017 =
336 1005 368 1020 AD
376 1010 386 1020 x
395 1005 427 1021 CD
441 1009 471 1020 =>
485 1002 526 1020 BD?
535 1006 584 1021 =6x
594 1006 665 1021 12=72.
972 1005 1090 1025 (substitution)

151 1053 190 1072 Step
198 1054 212 1069 9:
227 1046 235 1077 |
235 1054 268 1068 BD
276 1060 289 1065 =
297 1050 364 1071 6V2cm
377 1066 379 1068 |.
912 1053 1016 1072 (simplifying
1025 1054 1090 1073 radical)

140 1100 179 1119 Step
189 1101 212 1116 10:
224 1101 269 1115 Part
280 1099 321 1120 (iii):
333 1100 385 1116 Given
393 1100 421 1116 AC
431 1107 444 1112 =
453 1101 467 1117 9,
476 1100 505 1115 AB
514 1107 527 1112 =
537 1101 550 1116 7.

140 1141 179 1160 Step
189 1142 212 1156 11:
225 1142 256 1157 Use
264 1139 303 1156 AB?
312 1148 326 1153 =
334 1141 365 1156 AD
374 1146 384 1156 x
392 1141 423 1157 AC
436 1145 467 1156 =
481 1139 498 1157 7?
507 1141 560 1156 =ADx
587 1142 600 1157 9.
972 1141 1090 1161 (substitution)

472 1185 492 1200 49

140 1198 179 1217 Step
189 1199 212 1213 12:
224 1199 282 1214 49=9
290 1203 300 1213 x
309 1198 340 1213 AD
354 1202 385 1213 =>
395 1190 406 1232 |
409 1198 441 1213 AD
449 1205 462 1210 =
479 1208 486 1228 >
537 1211 539 1213 cm}
1014 1198 1090 1218 (algebra)

151 1279 233 1293 Answer:
243 1278 261 1298 (i)
271 1278 301 1293 AD
310 1285 324 1290 =
332 1279 357 1294 6.4
366 1284 396 1295 cm,
406 1278 430 1298 (ii)
440 1279 469 1293 BD
478 1285 491 1290 =
500 1275 538 1296 6V2
545 1284 575 1297 cm,
586 1278 615 1298 (iii)
625 1278 654 1293 AD
664 1285 677 1290 =
688 1288 709 1308 >
719 1284 748 1293 om

151 1390 258 1413 Question
269 1391 281 1409 9

151 1445 246 1464 Question:
257 1446 275 1460 In
282 1446 310 1460 the
318 1446 363 1464 given
371 1445 424 1464 figure,
433 1446 461 1460 DE
469 1454 509 1455 ——
517 1445 549 1464 BC,
558 1445 586 1460 AE
595 1452 608 1457 =
618 1446 636 1461 15
644 1451 674 1463 em,
682 1445 709 1461 EC
719 1452 732 1457 =
741 1446 749 1461 9
758 1451 787 1464 cm,
796 1445 824 1461 NC
834 1452 847 1457 =
855 1446 864 1461 6
872 1451 897 1460 em
906 1446 937 1460 and
945 1446 973 1460 BN
982 1452 995 1457 =
1004 1446 1023 1460 24
1031 1451 1060 1460 cm.
1072 1446 1089 1460 M

151 1472 163 1486 is
171 1472 198 1486 the
206 1472 308 1486 intersection
316 1471 333 1486 of
340 1472 367 1486 BE
375 1472 407 1486 and
415 1472 449 1486 DN.
460 1471 477 1491 (i)
487 1472 536 1486 Write
544 1472 564 1486 all
572 1471 641 1490 possible
649 1472 691 1490 pairs
699 1471 716 1486 of
723 1472 782 1486 similar
790 1472 870 1490 triangles.
882 1471 906 1491 (ii)
915 1472 956 1486 Find
964 1472 1026 1490 lengths
1034 1471 1052 1486 of
1058 1472 1089 1486 ME

151 1498 183 1513 and
191 1499 229 1513 DM.

151 1536 236 1551 Solution
244 1536 310 1551 Given:
319 1537 333 1551 D
341 1542 362 1551 on
370 1536 404 1555 AB,
413 1537 426 1551 E
434 1542 455 1551 on
463 1536 497 1555 AC,
506 1537 535 1551 DE
545 1536 550 1556 ||
560 1536 593 1552 BC.
602 1537 616 1551 N
625 1542 646 1551 on
654 1536 687 1552 BC.
696 1537 703 1551 M
722 1537 735 1551 is
743 1537 846 1551 intersection
854 1536 871 1551 of
878 1537 906 1551 BE
914 1537 946 1551 and
954 1537 989 1551 DN.

151 1563 176 1577 To
185 1562 250 1577 Prove:
260 1562 278 1582 (i)
288 1563 321 1577 List
330 1563 390 1577 similar
398 1563 478 1581 triangles.
491 1562 515 1582 (ii)
525 1563 566 1577 Find
574 1563 606 1577 ME
614 1563 646 1577 and
655 1563 693 1577 DM.

615 1652 624 1667 8
