1241 1754
151 155 190 174 Step
198 156 212 171 5:
225 155 307 171 Conclude
316 155 379 170 AABL
387 162 401 167 ~
408 155 486 170 ADEM.
944 155 990 175 (SAS
998 156 1090 175 similarity)

294 190 322 205 AL
363 190 393 205 _AB_
429 190 460 206 BC
828 205 830 207 .
914 205 950 207 a

151 204 190 223 Step
198 205 212 220 6:
224 205 278 219 Hence
288 213 328 233 55>
338 215 351 216 =
361 213 395 233 pp
405 215 418 216 =
428 213 467 233 BF
722 204 851 224 (corresponding
860 205 901 219 sides
911 210 928 219 in
936 205 999 219 similar
1007 205 1090 224 triangles)

245 258 276 274 BC
316 258 344 273 AL

151 269 233 295 Answer:
244 282 277 301 EF
310 282 356 301 DM’

151 382 258 405 Question
269 384 281 400 4

151 437 246 456 Question:
257 438 274 452 In
283 437 353 454 AABC,
362 437 391 452 AD
399 438 412 452 is
420 438 541 456 perpendicular
548 440 565 452 to
573 438 606 452 side
614 437 641 453 BC
650 438 681 452 and
689 435 729 452 AD?
738 444 751 449 =
760 438 792 452 BD
800 442 810 452 x
818 437 855 453 CD.
867 438 916 452 Prove
924 438 960 452 that
969 437 1030 453 ZBAC
1038 444 1051 449 =
1059 438 1092 453 90°.

151 476 236 491 Solution
244 476 310 491 Given:
319 476 351 491 AD
359 477 372 491 |
380 476 411 492 BC
420 477 452 491 and
460 473 500 491 AD?
509 483 522 488 =
531 476 617 492 BD-CD.

151 503 176 517 To
185 502 250 517 Prove:
259 502 321 518 ZBAC
329 509 342 514 =
350 503 384 518 90°.

571 575 586 590 A

466 765 479 779 B
571 765 585 779 D
761 764 774 780 c

151 820 190 839 Step
199 821 212 835 1:
224 821 242 835 In
251 820 323 836 AADB,
332 818 371 835 AB?
380 827 393 832 =
401 818 441 835 AD?
449 823 462 837 +
469 818 516 835 BD?.
827 820 931 839 (Pythagoras
940 826 957 835 in
966 821 1007 839 right
1015 820 1090 840 AADB)

151 859 190 878 Step
198 860 212 874 2:
224 860 242 874 In
251 859 322 876 AADC,
331 857 370 875 AC?
379 866 392 871 =
400 857 440 874 AD?
448 862 461 876 +
468 857 515 875 CD?.
827 859 932 879 (Pythagoras
941 865 957 874 in
967 860 1007 878 right
1015 859 1090 879 AADC)

151 898 190 917 Step
198 899 212 914 3:
224 898 265 913 Add:
277 896 316 913 AB?
324 901 337 914 +
344 896 383 914 AC?
392 905 405 910 =
413 896 463 913 2AD?
471 901 485 914 +
492 896 533 913 BD?
541 901 554 915 +
561 896 607 914 CD?.
954 898 992 916 (add
1001 900 1090 918 equations)

151 944 190 963 Step
198 945 212 959 4:
225 944 317 960 Substitute
325 941 365 959 AD?
374 951 387 956 =
396 945 428 959 BD
435 953 437 955 -
445 944 477 960 CD
486 946 503 959 to
511 946 537 963 get
546 941 585 959 AB?
593 947 606 961 +
613 941 651 960 AC?
660 951 674 956 =
683 944 723 964 (BD
729 947 743 960 +
750 941 798 964 CD)?
807 951 821 956 =
824 930 895 978 [Bc?]
997 944 1050 963 (given
1059 945 1090 959 and

225 976 256 991 BC
264 983 277 988 =
286 976 387 996 BD+CD)

151 1015 190 1034 Step
198 1016 212 1031 5:
225 1015 307 1031 Conclude
316 1015 378 1031 ZBAC
386 1022 399 1027 =
407 1016 440 1031 90°.
869 1015 951 1034 (converse
961 1015 979 1034 of
985 1016 1090 1035 Pythagoras)

151 1066 233 1080 Answer:
243 1065 304 1081 ZBAC
312 1072 326 1077 =
334 1066 367 1081 90°.

151 1176 258 1199 Question
269 1178 281 1195 5

151 1231 249 1250 Question:
260 1232 278 1246 In
286 1232 315 1246 the
323 1232 369 1250 given
377 1231 433 1250 figure,
442 1231 507 1247 AABC
516 1232 548 1246 and
557 1231 624 1246 ADEF
632 1237 659 1246 are
667 1232 733 1246 similar.
745 1232 777 1246 BM
786 1232 818 1246 and
826 1232 855 1246 EN
863 1237 890 1246 are
898 1232 940 1246 their
948 1232 1026 1246 medians.
1039 1232 1090 1246 Prove

151 1258 192 1272 that:
205 1257 223 1277 (i)
233 1257 304 1272 AABM
312 1264 326 1269 ~
334 1257 403 1272 ADEN
413 1257 437 1277 (ii)
448 1254 479 1279 BY
489 1264 502 1269 =
512 1254 538 1279 46

151 1296 236 1311 Solution
244 1296 310 1311 Given:
319 1296 384 1312 AABC
392 1303 406 1308 ~
414 1296 481 1311 ADEF
490 1297 522 1311 and
530 1297 572 1312 BM,
577 1297 611 1311 EN
620 1302 646 1311 are
654 1297 731 1311 medians.

268 1333 270 1335 ;
455 1333 463 1340 -
482 1333 490 1335 jy
510 1319 548 1333 BM
558 1339 571 1340 _
583 1318 613 1334 AC

151 1333 176 1347 To
185 1332 250 1347 Prove:
260 1332 278 1352 (i)
288 1332 359 1347 AABM
367 1339 381 1344 ~
389 1332 464 1348 ADEN;
474 1332 498 1352 (ii)
509 1342 549 1361 Fy
558 1343 571 1344 =
581 1342 622 1361 Hp

481 1406 494 1420 B
835 1406 848 1420 E

333 1582 347 1597 A
435 1583 452 1597 M
540 1582 553 1598 c
687 1583 701 1597 D
790 1583 804 1597 N
895 1583 907 1597 F

616 1652 624 1666 2
